<record xmlns="http://www.openarchives.org/OAI/2.0/" xmlns:xsi="http://www.w3.org/2001/XMLSchema-instance"><header><identifier>oai:www.openaccessrepository.it:6580</identifier><datestamp>2014-05-07T13:50:25Z</datestamp><setSpec>collection:DATASETINFN</setSpec><setSpec>collection:PRESENTATIONINFN</setSpec><setSpec>collection:PUBLICATIONINFN</setSpec></header>
<metadata>
 <marc:record xmlns:marc="http://www.loc.gov/MARC21/slim" xmlns:xsi="http://www.w3.org/2001/XMLSchema-instance" xsi:schemaLocation="http://www.loc.gov/MARC21/slim http://www.loc.gov/standards/marcxml/schema/MARC21slim.xsd" type="Bibliographic">
  <marc:leader>00000coc  2200000uu 4500</marc:leader>
  <marc:controlfield tag="001">6580</marc:controlfield>
  <marc:controlfield tag="005">20140507135025.0</marc:controlfield>
  <marc:datafield tag="999" ind1=" " ind2=" ">
     <marc:subfield code="9">Marcello Maggi</marc:subfield>
     <marc:subfield code="c">3445064411</marc:subfield>
     <marc:subfield code="s">306847080</marc:subfield>
  </marc:datafield>
  <marc:datafield tag="980" ind1=" " ind2=" ">
     <marc:subfield code="a">DATASETINFN</marc:subfield>
  </marc:datafield>
  <marc:datafield tag="856" ind1="4" ind2=" ">
     <marc:subfield code="u">irods://data.repo.cineca.it:1247/CINECA01/home/EUDAT_STAFF/Aleph_Test/ZD4003.9.AL</marc:subfield>
     <marc:subfield code="y">EUDAT</marc:subfield>
  </marc:datafield>
  <marc:datafield tag="856" ind1="4" ind2=" ">
    <marc:subfield code="u">rfio:/castor/cern.ch/aleph/data/ZD4003.9.AL</marc:subfield>
    <marc:subfield code="y">CERN</marc:subfield>
   </marc:datafield>
   <marc:datafield tag="909" ind1="C" ind2="O">
     <marc:subfield code="o">oai:www.openaccessrepository.it:6580</marc:subfield>
     <marc:subfield code="p">collection:PRESENTATIONINFN</marc:subfield>
     <marc:subfield code="p">collection:DATASETINFN</marc:subfield>
     <marc:subfield code="p">collection:PUBLICATIONINFN</marc:subfield>
   </marc:datafield>
   <marc:datafield tag="710" ind1=" " ind2=" ">
      <marc:subfield code="g">ALEPH Collaboration</marc:subfield>
   </marc:datafield>
   <marc:datafield tag="245" ind1=" " ind2=" ">
      <marc:subfield code="9">ALEPH</marc:subfield>
      <marc:subfield code="a">LEP2 Data from The ALEPH Collaboration</marc:subfield>
   </marc:datafield>
   <marc:datafield tag="024" ind1="7" ind2=" ">
      <marc:subfield code="2">Handle</marc:subfield>
      <marc:subfield code="a">11100/e47b000a-ced7-11e3-8f3a-e41f13eb41b2</marc:subfield>
   </marc:datafield>
    <marc:datafield tag="269" ind1=" " ind2=" ">
      <marc:subfield code="c">1999</marc:subfield>
    </marc:datafield>
    <marc:datafield tag="520" ind1=" " ind2=" ">
       <marc:subfield code="9">ALEPH</marc:subfield>
       <marc:subfield code="h">Run contents for this data file &lt;table border="1"&gt; &lt;tr&gt; &lt;th&gt;Run #&lt;/th&gt;&lt;th&gt;Nevents&lt;/th&gt;&lt;th&gt;Length (Mb)&lt;/th&gt;&lt;th&gt;LEP energy&lt;/th&gt;&lt;th&gt;Nb of Z0s&lt;/th&gt;&lt;/tr&gt; &lt;tr&gt; &lt;td&gt;51423&lt;/td&gt;&lt;td&gt;20178&lt;/td&gt;&lt;td&gt;53.716&lt;/td&gt;&lt;td&gt;199.414&lt;/td&gt;&lt;td&gt;16&lt;/td&gt;&lt;/tr&gt; &lt;tr&gt; &lt;td&gt;51424&lt;/td&gt;&lt;td&gt;1298&lt;/td&gt;&lt;td&gt;3.531&lt;/td&gt;&lt;td&gt;199.400&lt;/td&gt;&lt;td&gt;4&lt;/td&gt;&lt;/tr&gt; &lt;tr&gt; &lt;td&gt;51426&lt;/td&gt;&lt;td&gt;2713&lt;/td&gt;&lt;td&gt;7.869&lt;/td&gt;&lt;td&gt;199.500&lt;/td&gt;&lt;td&gt;6&lt;/td&gt;&lt;/tr&gt; &lt;tr&gt; &lt;td&gt;51566&lt;/td&gt;&lt;td&gt;19291&lt;/td&gt;&lt;td&gt;51.854&lt;/td&gt;&lt;td&gt;199.378&lt;/td&gt;&lt;td&gt;37&lt;/td&gt;&lt;/tr&gt; &lt;tr&gt; &lt;td&gt;51570&lt;/td&gt;&lt;td&gt;15386&lt;/td&gt;&lt;td&gt;43.363&lt;/td&gt;&lt;td&gt;199.375&lt;/td&gt;&lt;td&gt;22&lt;/td&gt;&lt;/tr&gt; &lt;tr&gt; &lt;td&gt;51572&lt;/td&gt;&lt;td&gt;20502&lt;/td&gt;&lt;td&gt;60.298&lt;/td&gt;&lt;td&gt;199.392&lt;/td&gt;&lt;td&gt;40&lt;/td&gt;&lt;/tr&gt; &lt;tr&gt; &lt;td&gt;51576&lt;/td&gt;&lt;td&gt;19774&lt;/td&gt;&lt;td&gt;58.811&lt;/td&gt;&lt;td&gt;199.409&lt;/td&gt;&lt;td&gt;43&lt;/td&gt;&lt;/tr&gt; &lt;tr&gt; &lt;td&gt;51580&lt;/td&gt;&lt;td&gt;18071&lt;/td&gt;&lt;td&gt;49.981&lt;/td&gt;&lt;td&gt;199.373&lt;/td&gt;&lt;td&gt;37&lt;/td&gt;&lt;/tr&gt; &lt;tr&gt;&lt;/table&gt; Total file length :   305.594 Mbytes</marc:subfield>
    </marc:datafield>
  </marc:record>
</metadata></record>